<?xml version="1.0" encoding="UTF-8"?><collection xmlns="http://www.loc.gov/MARC21/slim"><record><leader>00498nam--2200145-i-4500</leader><controlfield tag="001">000011359</controlfield><controlfield tag="002">20161230</controlfield><controlfield tag="005">20170225103232</controlfield><controlfield tag="008">060222s1000------------r-----000-0-eng-d</controlfield><datafield ind1=" " ind2=" " tag="100"><subfield code="a">Demarty, Maurice</subfield></datafield><datafield ind1=" " ind2=" " tag="245"><subfield code="a">Etude de l electroosmose et methode de determination des coefficients de couplage de membranes echangeuses d ions a groupements sulfoniques</subfield><subfield code="b">these</subfield></datafield><datafield ind1=" " ind2=" " tag="260"><subfield code="a">Rouen</subfield><subfield code="b">Universite De Rouen</subfield><subfield code="c">1974</subfield></datafield><datafield ind1=" " ind2=" " tag="300"><subfield code="a">204 p</subfield></datafield><datafield ind1=" " ind2=" " tag="852"><subfield code="a">66.086(043):541.183.12(043)</subfield></datafield><datafield ind1=" " ind2=" " tag="CAT"><subfield code="a">SYS</subfield><subfield code="c">20170225</subfield><subfield code="h">103232</subfield></datafield></record></collection>